@misc{RAW2020, 
    author = {{R}ubin {A}lgorithms {W}orkshop},
    title = {},
    year = {2020},
    url = {https://ls.st/law},
    urldate = {2019-10-01}
}
